@misc{Federated,
author={Ward Cunningham},
title={Smallest Federated Wiki},
howpublished={\url{http://wardcunningham.github.io/}},
}