@misc{GoogleMaterial,
author={Google},
title={Material design},
howpublished={\url{https://material.google.com//}},
}
@misc{Federated,
author={Ward Cunningham},
title={Smallest Federated Wiki},
howpublished={\url{http://wardcunningham.github.io/}},
}
