@misc{Aurelia,
author={Aurelia},
title={Aurelia},
howpublished={\url{http://aurelia.io/}},
}
@misc{Federated,
author={Ward Cunningham},
title={Smallest Federated Wiki},
howpublished={\url{http://wardcunningham.github.io/}},
}
@misc{Angular2,
author={Google},
title={Our Framework},
howpublished={\url{http://angular.io/}},
}
@misc{React,
author={Facebook},
title={A JavaScript Library For Building User Interfaces - React },
howpublished={\url{https://facebook.github.io/react/index.html}},
}
@misc{Ember,
author={Ember},
title={A Framework for Creating Ambitious Web Applications},
howpublished={\url{http://emberjs.com/}},
}
@misc{Eisenberg,
author={Rob Eisenberg},
title={Choosing a JavaScript Framework},
howpublished={\url{https://www.youtube.com/watch?v=6I_GwgoGm1w}},
}
@misc{Facebook,
author={Facebook},
title={Facebook Login for Apps},
howpublished={\url{https://developers.facebook.com/docs/facebook-login/overview}},
}
@misc{OpenID,
author={OpenID},
title={OpenID The Internet Identity Layer},
howpublished={\url{http://openid.net/connect/faq/}},
}
@misc{AListApart,
author={Cennydd Bowles},
title={Looking Beyond User-Centered Design},
howpublished={\url{http://alistapart.com/column/looking-beyond-user-centered-design}},
}
@misc{Usability,
author={U.S. Department of Health \& Human Services},
title={User-Centered Design Basics},
howpublished={\url{https://www.usability.gov/what-and-why/user-centered-design.html}},
}
@misc{Word,
author={Microsoft},
title={Microsoft Word | Document and Word Processing Software},
howpublished={\url{https://products.office.com/en-us/word}},
}
@misc{Dozuki,
author={Dozuki},
title={Visual Documentation for a Paperless Future},
howpublished={\url{http://www.dozuki.com/}},
}
@misc{Latex,
author={The LaTeX Project},
title={LaTeX - A Document Preparation System},
howpublished={\url{http://www.latex-project.org/}},
}
@misc{McGrath,
author={D. Kevin McGrath},
title={Latex Learning Curve},
}
@misc{Mocha,
author={MochaJs},
title={Mocha, Simple, flexible, fun},
howpublished={\url{https://mochajs.org/}},
}
@misc{QUnit,
author={QUnit},
title={QUnit: A JavaScript Unit Testing framework},
howpublished={\url{https://qunitjs.com/}},
}
@misc{Jasmine,
author={Jasmine},
title={Jasmine},
howpublished={\url{https://jasmine.github.io/2.0/introduction.html}},
}
@misc{CoderWall,
author={CoderWall},
title={JavaScript test framework comparison},
howpublished={\url{https://coderwall.com/p/ntbixw/javascript-test-framework-comparison}},
}
@misc{SQLServer,
author={Microsoft},
title={Platform for intelligent applications},
howpublished={\url{https://www.microsoft.com/en-us/sql-server/}},
}
@misc{MongoDB,
author={MongoDB},
title={MongoDb | For Giant Ideas},
howpublished={\url{https://www.mongodb.com/}},
}
@misc{MySQL,
author={MySQL},
title={MySQL},
howpublished={\url{http://www.mysql.com/}},
}
@misc{ibmbpnetwork,
author={IBM BP Network},
title={Why are we excited to talk about MongoDB?},
howpublished={\url{http://www.ibmbpnetwork.com/linux-blog/excited-about-mongodb}},
}
@misc{viewpoints,
author={Rozanski Woods},
title={Viewpoints},
howpublished={\url{http://www.viewpoints-and-perspectives.info/home/viewpoints/}},
}
