@misc{GoogleMaterial,
author={Google},
title={Material design},
howpublished={\url{https://material.google.com//}},
}
@misc{Federated,
author={Ward Cunningham},
title={Smallest Federated Wiki},
howpublished={\url{http://wardcunningham.github.io/}},
}
@misc{Aurelia,
author={Aurelia},
title={Aurelia},
howpublished={\url{http://aurelia.io/}},
}
@misc{Angular2,
author={Google},
title={Our Framework},
howpublished={\url{http://angular.io/}},
}
@misc{React,
author={Facebook},
title={A JavaScript Library For Building User Interfaces - React },
howpublished={\url{https://facebook.github.io/react/index.html}},
}
@misc{Ember,
author={Ember},
title={A Framework for Creating Ambitious Web Applications},
howpublished={\url{http://emberjs.com/}},
}
@misc{Eisenberg,
author={Rob Eisenberg},
title={Choosing a JavaScript Framework},
howpublished={\url{https://www.youtube.com/watch?v=6I_GwgoGm1w}},
}
@misc{Mocha,
author={MochaJs},
title={Mocha, Simple, flexible, fun},
howpublished={\url{https://mochajs.org/}},
}
@misc{QUnit,
author={QUnit},
title={QUnit: A JavaScript Unit Testing framework},
howpublished={\url{https://qunitjs.com/}},
}
@misc{Jasmine,
author={Jasmine},
title={Jasmine},
howpublished={\url{https://jasmine.github.io/2.0/introduction.html}},
}
@misc{CoderWall,
author={CoderWall},
title={JavaScript test framework comparison},
howpublished={\url{https://coderwall.com/p/ntbixw/javascript-test-framework-comparison}},
}
